<record><leader>00000cas a2200000 a 4500</leader><controlfield tag="001">9184128</controlfield><controlfield tag="008">830202d19821986hiumn ne      0   a0eng d</controlfield><datafield ind1=" " ind2=" " tag="010"><subfield code="a">sn 85047002 </subfield></datafield><datafield ind1=" " ind2=" " tag="040"><subfield code="a">HUH</subfield><subfield code="b">eng</subfield><subfield code="c">HUH</subfield><subfield code="d">AIP</subfield><subfield code="d">HWN</subfield><subfield code="d">NSD</subfield><subfield code="d">HWN</subfield><subfield code="d">DLC</subfield><subfield code="d">OCL</subfield><subfield code="d">OCLCQ</subfield><subfield code="d">OCLCF</subfield><subfield code="d">OCLCO</subfield></datafield><datafield ind1=" " ind2=" " tag="012"><subfield code="j">0</subfield><subfield code="l">a</subfield></datafield><datafield ind1="0" ind2=" " tag="022"><subfield code="a">0884-7746</subfield><subfield code="l">0884-7746</subfield><subfield code="2">1</subfield></datafield><datafield ind1="1" ind2=" " tag="029"><subfield code="a">AU@</subfield><subfield code="b">000024527284</subfield></datafield><datafield ind1=" " ind2=" " tag="037"><subfield code="b">Ka Huliau, P.O. Box 61337, Honolulu, HI 96822-8337</subfield></datafield><datafield ind1=" " ind2=" " tag="042"><subfield code="a">msc</subfield><subfield code="a">nsdp</subfield></datafield><datafield ind1=" " ind2=" " tag="043"><subfield code="a">n-us-hi</subfield></datafield><datafield ind1="1" ind2="4" tag="050"><subfield code="a">DU620</subfield><subfield code="b">.H86</subfield></datafield><datafield ind1="1" ind2="0" tag="082"><subfield code="a">079</subfield><subfield code="2">11</subfield></datafield><datafield ind1="0" ind2=" " tag="210"><subfield code="a">Huliau</subfield></datafield><datafield ind1=" " ind2="3" tag="222"><subfield code="a">Ka Huliau</subfield></datafield><datafield ind1="0" ind2="3" tag="245"><subfield code="a">Ka Huliau =</subfield><subfield code="b">The turning point.</subfield></datafield><datafield ind1="3" ind2="1" tag="246"><subfield code="a">Turning point</subfield></datafield><datafield ind1=" " ind2=" " tag="260"><subfield code="a">Honolulu :</subfield><subfield code="b">Hawaii Education for Social Progress,</subfield><subfield code="c">1982-1986.</subfield></datafield><datafield ind1=" " ind2=" " tag="300"><subfield code="a">4 v. :</subfield><subfield code="b">ill. ;</subfield><subfield code="c">41 cm.</subfield></datafield><datafield ind1=" " ind2=" " tag="310"><subfield code="a">Every six weeks</subfield></datafield><datafield ind1="0" ind2=" " tag="362"><subfield code="a">Vol. 1, no. 1 (Nov. 1982)-v. 4, no. 3 (Sept. 1986).</subfield></datafield><datafield ind1=" " ind2=" " tag="500"><subfield code="a">"An independent newspaper focusing on Hawaii and Pacific issues."</subfield></datafield><datafield ind1=" " ind2=" " tag="530"><subfield code="a">Issued also in microform by Bell &amp; Howell.</subfield></datafield><datafield ind1=" " ind2=" " tag="550"><subfield code="a">Issued by People's Fund.</subfield></datafield><datafield ind1=" " ind2=" " tag="546"><subfield code="a">Text in English.</subfield></datafield><datafield ind1=" " ind2=" " tag="500"><subfield code="a">Editor: 1982- R. Kotani.</subfield></datafield><datafield ind1=" " ind2="0" tag="651"><subfield code="a">Hawaii</subfield><subfield code="v">Newspapers.</subfield></datafield><datafield ind1=" " ind2="7" tag="655"><subfield code="a">Newspapers.</subfield><subfield code="2">fast</subfield><subfield code="0">(OCoLC)fst01423814</subfield></datafield><datafield ind1=" " ind2="7" tag="651"><subfield code="a">Hawaii.</subfield><subfield code="2">fast</subfield><subfield code="0">(OCoLC)fst01208724</subfield></datafield><datafield ind1="1" ind2=" " tag="700"><subfield code="a">Kotani, Roland.</subfield></datafield><datafield ind1="2" ind2=" " tag="710"><subfield code="a">Hawaii Education for Social Progress.</subfield></datafield><datafield ind1="2" ind2=" " tag="710"><subfield code="a">People's Fund (Honolulu, Hawaii)</subfield></datafield><datafield ind1=" " ind2=" " tag="752"><subfield code="a">United States</subfield><subfield code="b">Hawaii</subfield><subfield code="c">Honolulu</subfield><subfield code="d">Honolulu.</subfield></datafield><datafield ind1=" " ind2=" " tag="936"><subfield code="a">Unknown</subfield><subfield code="a">Oct./Nov. 1985</subfield></datafield></record>